@inproceedings{schollmeier2001,
  title={A definition of peer-to-peer networking for the classification of peer-to-peer architectures and applications},
  author={Schollmeier, R{\"u}diger},
  booktitle={Proceedings First International Conference on Peer-to-Peer Computing},
  pages={101--102},
  year={2001},
  organization={IEEE}
}

@inproceedings{hsu2003,
  title={The design of multiplayer online video game systems},
  author={Hsu, Chia-chun Alex and Ling, Jim and Li, Qing and Kuo, C-C Jay},
  booktitle={Multimedia Systems and Applications VI},
  volume={5241},
  pages={180--191},
  year={2003},
  organization={SPIE}
}

@article{bogost2004,
  title={Asynchronous multiplay: Futures for casual multiplayer experience},
  author={Bogost, Ian},
  journal={Other Players},
  volume={6},
  number={8},
  year={2004}
}

@software{diplomacy1959,
    author = {Allan B. Calhamer},
    publisher = {Wizards of the Coast},
    title = {Diplomacy},
    howpublished = {[Physical Game]},
    year = {1959}
}

@software{reigns2016,
    author = {Nerial},
    title = {Reigns},
    howpublished = {[Digital Game]},
    year = {2016}
}